
@book{seidl_basiswissen_2012,
	location = {Heidelberg},
	edition = {1. Aufl.},
	title = {Basiswissen Testautomatisierung / Richard Seidl ; Manfred Baumgartner ; Thomas Bucsics},
	isbn = {978-3-89864-724-3},
	publisher = {dpunkt-Verl.},
	author = {Seidl, Richard},
	date = {2012},
	file = {DNB, Katalog der Deutschen Nationalbibliothek:C\:\\Users\\Matthias\\AppData\\Roaming\\Mozilla\\Firefox\\Profiles\\8mdn3ouj.default\\zotero\\storage\\BMBBCPSF\\opac.htm\;jsessionid=F4D0B30606E625D626658326B84285D7.html:text/html}
}

@book{thaller_software-test_2002,
	location = {Hannover},
	edition = {2., aktualisierte und erw. Aufl.},
	title = {Software-Test},
	isbn = {3-88229-198-2},
	pagetotal = {{XI}, 383 S.},
	publisher = {Heise},
	author = {Thaller, Georg Erwin},
	date = {2002},
	file = {OPAC der Hochschule München:C\:\\Users\\Matthias\\AppData\\Roaming\\Mozilla\\Firefox\\Profiles\\8mdn3ouj.default\\zotero\\storage\\SDRTXECV\\singleHit.html:text/html}
}

@book{spillner_basiswissen_2007,
	location = {Heidelberg},
	edition = {3. Aufl.},
	title = {Basiswissen Softwaretest},
	isbn = {3-89864-358-1},
	pagetotal = {{XV}, 228 S. : Ill., graph. Darst.},
	publisher = {dpunkt-Verl.},
	author = {Spillner, Andreas and Linz, Tilo},
	date = {2007},
	file = {OPAC der Hochschule München:C\:\\Users\\Matthias\\AppData\\Roaming\\Mozilla\\Firefox\\Profiles\\8mdn3ouj.default\\zotero\\storage\\BRKJ2KR2\\singleHit.html:text/html}
}

@inproceedings{ramler_economic_2006,
	location = {New York, {NY}, {USA}},
	title = {Economic Perspectives in Test Automation: Balancing Automated and Manual Testing with Opportunity Cost},
	isbn = {1-59593-408-1},
	url = {http://doi.acm.org/10.1145/1138929.1138946},
	doi = {10.1145/1138929.1138946},
	series = {{AST} '06},
	shorttitle = {Economic Perspectives in Test Automation},
	pages = {85--91},
	booktitle = {Proceedings of the 2006 International Workshop on Automation of Software Test},
	publisher = {{ACM}},
	author = {Ramler, Rudolf and Wolfmaier, Klaus},
	urldate = {2014-10-28},
	date = {2006},
	keywords = {Automated Testing, benefits and costs of automation, manual testing, testing economics},
	file = {Economic Perspectives in Test Automation\: Balancing Automated and Manual Testing with Opportunity Cost - p85.pdf:C\:\\Users\\Matthias\\AppData\\Roaming\\Mozilla\\Firefox\\Profiles\\8mdn3ouj.default\\zotero\\storage\\CW39KC65\\p85.pdf:application/pdf}
}

@book{iso/iec_iso/iec_2001,
	edition = {2001},
	title = {{ISO}/{IEC} 9126. Software engineering -- Product quality},
	publisher = {{ISO}/{IEC}},
	author = {{ISO}/{IEC}},
	date = {2001},
	file = {ISO/IEC 9126. Software engineering -- Product quality (bibtex):C\:\\Users\\Matthias\\AppData\\Roaming\\Mozilla\\Firefox\\Profiles\\8mdn3ouj.default\\zotero\\storage\\S6SU3ZA5\\bibtexbrowser.html:text/html}
}

@book{hoffmann_software-qualitat_2013,
	location = {Berlin},
	edition = {2013},
	title = {Software-Qualität},
	isbn = {9783540763222},
	abstract = {Computerabstürze, Rückrufaktionen, Sicherheitslecks: Software-Fehler sind fast schon ein alltägliches Problem. Qualitätssicherung wird damit zu einer immer wichtigeren Aufgabe. Das Buch führt umfassend und praxisnah in die Software-Qualitätssicherung ein. Zunächst werden typische Fehlerquellen der Programmentwicklung erörtert, um anschließend Methoden und Techniken zur Qualitätssteigerung vorzustellen. Der Band behandelt die zentralen Fragen der konstruktiven und analytischen Qualitätssicherung, der Software-Infrastruktur und der Managementprozesse.},
	pagetotal = {568},
	publisher = {Springer},
	author = {Hoffmann, Dirk W.},
	date = {2013}
}

@article{ieee_ieee_1991,
	title = {{IEEE} Standard Computer Dictionary: A Compilation of {IEEE} Standard Computer Glossaries},
	doi = {10.1109/IEEESTD.1991.106963},
	shorttitle = {{IEEE} Standard Computer Dictionary},
	abstract = {Identifies terms currently in use in the computer field. Standard definitions for thoseterms are established. Compilation of {IEEE} Stds {IEEE} Std 1084, {IEEE} Std 610.2, {IEEE} Std 610.3, {IEEE} Std 610.4, {IEEE} Std 610.5 and {IEEE} Std 610.12},
	pages = {1--217},
	journaltitle = {{IEEE} Std 610},
	author = {{IEEE}},
	date = {1991-01},
	keywords = {610, applications, computer, computer field, definitions, dictionary, glossaries, glossary, terminology}
}